%YAML 1.1
%TAG !u! tag:unity3d.com,2011:
--- !u!1001 &100100000
Prefab:
  m_ObjectHideFlags: 1
  serializedVersion: 2
  m_Modification:
    m_TransformParent: {fileID: 0}
    m_Modifications: []
    m_RemovedComponents: []
  m_ParentPrefab: {fileID: 0}
  m_RootGameObject: {fileID: 1305166142868832}
  m_IsPrefabParent: 1
--- !u!1 &1305166142868832
GameObject:
  m_ObjectHideFlags: 0
  m_PrefabParentObject: {fileID: 0}
  m_PrefabInternal: {fileID: 100100000}
  serializedVersion: 5
  m_Component:
  - component: {fileID: 4015253691510446}
  - component: {fileID: 114312102824575256}
  - component: {fileID: 82939489569090578}
  - component: {fileID: 114099480389278364}
  - component: {fileID: 114570498533853898}
  - component: {fileID: 114714371817531100}
  m_Layer: 0
  m_Name: Logic
  m_TagString: Untagged
  m_Icon: {fileID: 0}
  m_NavMeshLayer: 0
  m_StaticEditorFlags: 0
  m_IsActive: 1
--- !u!4 &4015253691510446
Transform:
  m_ObjectHideFlags: 1
  m_PrefabParentObject: {fileID: 0}
  m_PrefabInternal: {fileID: 100100000}
  m_GameObject: {fileID: 1305166142868832}
  m_LocalRotation: {x: 0, y: 0, z: 0, w: 1}
  m_LocalPosition: {x: 5.3319044, y: -2.8548017, z: 0}
  m_LocalScale: {x: 1, y: 1, z: 1}
  m_Children: []
  m_Father: {fileID: 0}
  m_RootOrder: 0
  m_LocalEulerAnglesHint: {x: 0, y: 0, z: 0}
--- !u!82 &82939489569090578
AudioSource:
  m_ObjectHideFlags: 1
  m_PrefabParentObject: {fileID: 0}
  m_PrefabInternal: {fileID: 100100000}
  m_GameObject: {fileID: 1305166142868832}
  m_Enabled: 1
  serializedVersion: 4
  OutputAudioMixerGroup: {fileID: 0}
  m_audioClip: {fileID: 0}
  m_PlayOnAwake: 0
  m_Volume: 1
  m_Pitch: 1
  Loop: 0
  Mute: 0
  Spatialize: 0
  SpatializePostEffects: 0
  Priority: 128
  DopplerLevel: 1
  MinDistance: 1
  MaxDistance: 500
  Pan2D: 0
  rolloffMode: 0
  BypassEffects: 0
  BypassListenerEffects: 0
  BypassReverbZones: 0
  rolloffCustomCurve:
    serializedVersion: 2
    m_Curve:
    - serializedVersion: 2
      time: 0
      value: 1
      inSlope: 0
      outSlope: 0
      tangentMode: 0
    - serializedVersion: 2
      time: 1
      value: 0
      inSlope: 0
      outSlope: 0
      tangentMode: 0
    m_PreInfinity: 2
    m_PostInfinity: 2
    m_RotationOrder: 4
  panLevelCustomCurve:
    serializedVersion: 2
    m_Curve:
    - serializedVersion: 2
      time: 0
      value: 0
      inSlope: 0
      outSlope: 0
      tangentMode: 0
    m_PreInfinity: 2
    m_PostInfinity: 2
    m_RotationOrder: 0
  spreadCustomCurve:
    serializedVersion: 2
    m_Curve:
    - serializedVersion: 2
      time: 0
      value: 0
      inSlope: 0
      outSlope: 0
      tangentMode: 0
    m_PreInfinity: 2
    m_PostInfinity: 2
    m_RotationOrder: 4
  reverbZoneMixCustomCurve:
    serializedVersion: 2
    m_Curve:
    - serializedVersion: 2
      time: 0
      value: 1
      inSlope: 0
      outSlope: 0
      tangentMode: 0
    m_PreInfinity: 2
    m_PostInfinity: 2
    m_RotationOrder: 0
--- !u!114 &114099480389278364
MonoBehaviour:
  m_ObjectHideFlags: 1
  m_PrefabParentObject: {fileID: 0}
  m_PrefabInternal: {fileID: 100100000}
  m_GameObject: {fileID: 1305166142868832}
  m_Enabled: 1
  m_EditorHideFlags: 0
  m_Script: {fileID: 11500000, guid: 32dd0af74c01b3b47a13ea9cf5bfe182, type: 3}
  m_Name: 
  m_EditorClassIdentifier: 
  audioManager: {fileID: 114570498533853898}
  tabFriends:
  - {fileID: 1533480440616146, guid: 7b140920cdee2b34dbdcee031848ab88, type: 2}
  - {fileID: 1611654776691162, guid: 701cd3dcff5813440a85b02e5eb52c3d, type: 2}
  - {fileID: 1536685743796952, guid: 40eccd123045bd646bd0c86fa39a7c28, type: 2}
  tabEnemies:
  - {fileID: 1783257746240352, guid: 304099ddb014e4b47854435264134d1d, type: 2}
  - {fileID: 1422858381695894, guid: 50ce29dc83a0c4c488f0b838b84e4494, type: 2}
  - {fileID: 1380464542744428, guid: 3647268f34c78854fbe57f8b5075580e, type: 2}
  blood:
  - {fileID: 1436983458408986, guid: a285863c1e50b534b9cf1ef563818c3b, type: 2}
  - {fileID: 1726410466434220, guid: bea2d990bc9cb7f44b9506456ab98404, type: 2}
  - {fileID: 1829329302013976, guid: 58ec5c1d6d888424290240d2e2405ef9, type: 2}
  - {fileID: 1537815229813732, guid: 68444cd35c13bc1449f36e15d0783358, type: 2}
  - {fileID: 1733293042638004, guid: 5e459573ff17f954796715c5c0ed98b1, type: 2}
  tabSpawn:
  - {fileID: 0}
  - {fileID: 0}
  - {fileID: 0}
  - {fileID: 0}
  - {fileID: 0}
  - {fileID: 0}
  - {fileID: 0}
  - {fileID: 0}
  friendParent: {fileID: 0}
  enemyParent: {fileID: 0}
  explosion: {fileID: 139366, guid: b185c1a9cf067374586d095111b15bd1, type: 2}
--- !u!114 &114312102824575256
MonoBehaviour:
  m_ObjectHideFlags: 1
  m_PrefabParentObject: {fileID: 0}
  m_PrefabInternal: {fileID: 100100000}
  m_GameObject: {fileID: 1305166142868832}
  m_Enabled: 1
  m_EditorHideFlags: 0
  m_Script: {fileID: 11500000, guid: 62e2a498e343d2f4f94e7d6d1d0e2ddd, type: 3}
  m_Name: 
  m_EditorClassIdentifier: 
  spawnController: {fileID: 114099480389278364}
  end: {fileID: 0}
  life: {fileID: 0}
  player: {fileID: 0}
--- !u!114 &114570498533853898
MonoBehaviour:
  m_ObjectHideFlags: 1
  m_PrefabParentObject: {fileID: 0}
  m_PrefabInternal: {fileID: 100100000}
  m_GameObject: {fileID: 1305166142868832}
  m_Enabled: 1
  m_EditorHideFlags: 0
  m_Script: {fileID: 11500000, guid: 05ea1d6abe0c27a48bb5acfd96ebb9d8, type: 3}
  m_Name: 
  m_EditorClassIdentifier: 
  hit: {fileID: 8300000, guid: 3da92c28e96a57b4780ed9e08bddc43b, type: 3}
  spider: {fileID: 8300000, guid: 5cf9ad2a3e42d5d488ee861fb4bf13ea, type: 3}
  monsters:
  - {fileID: 8300000, guid: bce1de5d3a7cc1945b365c928a7d493f, type: 3}
  - {fileID: 8300000, guid: b0c85e4fbb9220146bc6158da203b8e6, type: 3}
--- !u!114 &114714371817531100
MonoBehaviour:
  m_ObjectHideFlags: 1
  m_PrefabParentObject: {fileID: 0}
  m_PrefabInternal: {fileID: 100100000}
  m_GameObject: {fileID: 1305166142868832}
  m_Enabled: 1
  m_EditorHideFlags: 0
  m_Script: {fileID: 11500000, guid: 3f5f5e97e2b8e9548808567f8be5d4a7, type: 3}
  m_Name: 
  m_EditorClassIdentifier: 
  spawnController: {fileID: 114099480389278364}
